<record><leader>00000cas a2200000 a 4500</leader><controlfield tag="001">55760801</controlfield><controlfield tag="008">040629d19952004mnuwr ne      0    0eng c</controlfield><datafield ind1=" " ind2=" " tag="010"><subfield code="a">sn2004058033</subfield></datafield><datafield ind1=" " ind2=" " tag="040"><subfield code="a">MHS</subfield><subfield code="b">eng</subfield><subfield code="c">MHS</subfield><subfield code="d">DLC</subfield><subfield code="d">MHS</subfield><subfield code="d">OCLCQ</subfield><subfield code="d">OCLCF</subfield><subfield code="d">OCLCO</subfield></datafield><datafield ind1="1" ind2=" " tag="029"><subfield code="a">AU@</subfield><subfield code="b">000026127511</subfield></datafield><datafield ind1=" " ind2=" " tag="042"><subfield code="a">pcc</subfield></datafield><datafield ind1=" " ind2=" " tag="043"><subfield code="a">n-us-mn</subfield></datafield><datafield ind1=" " ind2=" " tag="052"><subfield code="a">4143</subfield><subfield code="b">O6</subfield></datafield><datafield ind1=" " ind2=" " tag="052"><subfield code="a">4144</subfield><subfield code="b">H55</subfield><subfield code="b">O85</subfield><subfield code="b">V65</subfield></datafield><datafield ind1="0" ind2=" " tag="130"><subfield code="a">Advocate (Henning, Minn.)</subfield></datafield><datafield ind1="1" ind2="0" tag="245"><subfield code="a">Advocate.</subfield></datafield><datafield ind1="1" ind2="3" tag="246"><subfield code="a">Henning advocate</subfield></datafield><datafield ind1=" " ind2=" " tag="260"><subfield code="a">Henning, MN :</subfield><subfield code="b">Andrew G. &amp; Debra D. Barr,</subfield><subfield code="c">1995-2004.</subfield></datafield><datafield ind1=" " ind2=" " tag="300"><subfield code="a">v.</subfield></datafield><datafield ind1=" " ind2=" " tag="310"><subfield code="a">Weekly</subfield></datafield><datafield ind1="0" ind2=" " tag="362"><subfield code="a">Vol. 103, no. 47 (Feb. 8, 1995)-v. 113, no. 3 (Mar. 16, 2004).</subfield></datafield><datafield ind1=" " ind2=" " tag="500"><subfield code="a">"Serving the Henning, Ottertail, Vining, and Surrounding Communities, Since 1891"--Vol. 103, no. 47 (Feb. 8, 1995).</subfield></datafield><datafield ind1=" " ind2=" " tag="500"><subfield code="a">"We started the Citizen's Criterion on October 6, 2003. The name changed to Citizen's Advocate in June of 2004 once we officially owned the Henning Advocate. The Henning Advocate's last issue prior to or [sic] take-over was March 16, 2004"--Email from Citizens Advocate editor Mary Solien, June 27, 2006.</subfield></datafield><datafield ind1=" " ind2=" " tag="530"><subfield code="a">Available on microfilm from the Minnesota Historical Society.</subfield></datafield><datafield ind1=" " ind2=" " tag="580"><subfield code="a">Merged with: Citizens criterion, to form: Citizens advocate.</subfield></datafield><datafield ind1=" " ind2="0" tag="651"><subfield code="a">Henning (Minn.)</subfield><subfield code="v">Newspapers.</subfield></datafield><datafield ind1=" " ind2="0" tag="651"><subfield code="a">Ottertail (Minn.)</subfield><subfield code="v">Newspapers.</subfield></datafield><datafield ind1=" " ind2="0" tag="651"><subfield code="a">Vining (Minn.)</subfield><subfield code="v">Newspapers.</subfield></datafield><datafield ind1=" " ind2="7" tag="655"><subfield code="a">Newspapers.</subfield><subfield code="2">fast</subfield><subfield code="0">(OCoLC)fst01423814</subfield></datafield><datafield ind1=" " ind2="7" tag="651"><subfield code="a">Minnesota</subfield><subfield code="z">Henning.</subfield><subfield code="2">fast</subfield><subfield code="0">(OCoLC)fst01238788</subfield></datafield><datafield ind1=" " ind2="7" tag="651"><subfield code="a">Minnesota</subfield><subfield code="z">Ottertail.</subfield><subfield code="2">fast</subfield><subfield code="0">(OCoLC)fst01239438</subfield></datafield><datafield ind1=" " ind2="7" tag="651"><subfield code="a">Minnesota</subfield><subfield code="z">Vining.</subfield><subfield code="2">fast</subfield><subfield code="0">(OCoLC)fst01238782</subfield></datafield><datafield ind1=" " ind2=" " tag="752"><subfield code="a">United States</subfield><subfield code="b">Minnesota</subfield><subfield code="c">Otter Tail</subfield><subfield code="d">Henning.</subfield></datafield><datafield ind1="0" ind2="0" tag="780"><subfield code="t">Henning advocate</subfield><subfield code="w">(DLC)sn 89064369</subfield><subfield code="w">(OCoLC)1640728</subfield></datafield><datafield ind1="1" ind2="7" tag="785"><subfield code="t">Citizens criterion</subfield><subfield code="w">(OCoLC)231620477</subfield></datafield><datafield ind1="1" ind2="7" tag="785"><subfield code="t">Citizens advocate (Henning, Minn.)</subfield><subfield code="w">(OCoLC)122270205</subfield></datafield></record>